2384 4020
160 503 162 518 ¹
182 508 304 603 utique
322 509 438 579 vicum
454 503 622 601 appellare
639 528 719 579 cum
739 503 912 582 Cicerone
928 515 987 606 qui
999 537 1061 606 pro
1188 519 1189 522 ’

182 269 259 344 im
387 261 864 374 MARMOREA
964 263 1007 311 ²

181 405 371 496 Potuetant
394 407 521 504 ubique
554 403 612 500 (δε
641 405 675 478 id
693 405 759 480 fuit
785 409 892 482 officii
915 413 1060 506 cotum)

183 603 294 677 Flacca
313 604 356 674 C.
375 627 427 674 ιιι.
445 599 605 674 Tamalites
627 605 856 696 alleviemus,
889 604 978 682 hama
993 635 1062 682 mo-

183 700 223 772 da
238 705 343 790 nobis,
362 701 423 792 sed
437 725 474 770 m
500 705 583 770 later
596 697 671 792 sats
695 701 818 794 qu'idem
842 723 940 778 natus.
968 707 1059 806 Cap.

184 819 235 871 tx.
258 799 301 870 de
317 795 502 869 Heraclide
519 799 685 868 Temnite
701 798 901 888 accusatore
917 803 1058 880 Flacci:

182 902 238 992 qm'
253 897 335 968 ham
349 893 449 989 ipsam
463 899 645 989 legationem
661 919 756 986 quam
770 897 890 987 habet,
913 927 974 972 nan
999 929 1056 974 ac-

183 999 263 1085 cepit
277 1019 298 1065 a
305 992 527 1089 filisca'vibas,
543 988 816 1086 sedasqaeTmela
826 1001 955 1084 petivit.
973 999 1014 1072 N
1017 1021 1059 1072 o·

181 1109 219 1162 ta
234 1089 311 1162 sunt
327 1092 390 1162 tria
405 1089 483 1160 loca
501 1087 698 1178 Strabonis,
723 1091 846 1186 quibus
871 1095 927 1166 ille
953 1121 1058 1170 mon·

179 1204 254 1260 tem
280 1187 500 1260 consecravit.
550 1186 655 1258 Unde
673 1186 799 1260 Vibius
821 1191 997 1288 Sequesser
1014 1194 1060 1268 de

179 1285 389 1360 montibus:
429 1281 553 1356 Tmolus
581 1285 686 1374 Lydia
718 1309 803 1358 mens
828 1291 904 1360 vino
930 1295 1061 1386 infignis

181 1381 225 1458 N
228 1407 267 1454 ec
278 1382 418 1478 injustos
431 1382 522 1466 dicas
532 1381 594 1452 hos
606 1381 775 1454 auclores:
795 1384 953 1459 tribuunt
961 1391 1058 1462 enim

176 1479 317 1554 Tmolo
335 1481 452 1569 suum,
477 1478 570 1577 quod
589 1479 625 1550 &
643 1504 741 1552 mons
758 1479 793 1550 &
810 1483 846 1554 in
863 1484 1059 1583 Lydiafue-

180 1581 320 1668 rit‚nec
331 1575 598 1676 progrediuntur
614 1577 655 1648 ad
665 1577 747 1666 alia,
759 1603 834 1671 quae
844 1580 1056 1680 relinquunt,

175 1698 287 1778 prout
311 1696 417 1748 erant.
467 1672 565 1770 Quid
591 1695 705 1746 tamen
721 1675 874 1750 dicemus
897 1679 939 1750 de
964 1681 1057 1752 Viro
1114 1695 1120 1704 ‘
1187 1717 1190 1752 ÷

74 1824 80 1830 ,
99 1757 103 1766 Κ
181 1773 419 1845 Celeberrimo
435 1773 479 1842 ad
493 1772 689 1857 Eusebium
709 1775 764 1844 cui
780 1773 1057 1876 studia'meaplus
1189 1853 1190 1862 ,

126 1942 128 1947 ,
180 1870 335 1960 debent,
365 1875 472 1964 'quam
496 1888 536 1938 ut
560 1867 618 1940 hic
635 1871 858 1944 nominetur:
892 1875 1057 1967 Nuspiam

86 2328 89 2332 .
177 2280 237 2334 aut
253 2281 289 2333 ut
306 2263 464 2334 Galeaaus
481 2261 522 2342 &
541 2263 693 2352 Samiam,
720 2263 983 2336 Ciliciae'tantum
998 2290 1054 2336 no-

68 2408 72 2415 ·
177 2365 226 2432 vi.
275 2362 438 2432 Hodierna
452 2362 618 2450 appellatio
637 2359 745 2451 prisca
761 2361 891 2454 vestigia
907 2367 1053 2457 retinet,
1189 2363 1190 2402 ³

178 1967 321 2042 Tomlam
336 1970 443 2038 urbem
458 1971 537 2062 legi,
558 1984 770 2062 preterquam
791 1975 979 2043 iteratione
994 1994 1058 2066 pra
1188 2043 1190 2050 y

178 2067 306 2141 Flacco:
335 2065 494 2159 Tamalites
516 2069 649 2136 vicanus
666 2091 678 2138 .·
710 2069 766 2138 Ita
792 2083 828 2137 ut
850 2063 972 2142 Tmolus
993 2095 1055 2144 nan
1188 2065 1190 2092 '

175 2168 253 2241 urbs
264 2164 320 2252 fed
332 2174 423 2236 vicus
436 2167 492 2236 vel
504 2159 586 2256 maipa
593 2161 712 2255 faerit.
761 2165 907 2236 Mentem
922 2168 1054 2261 Lydia,

46 2523 50 2530 .
178 2460 368 2532 Tamalitze.
413 2453 530 2548 Qtam
546 2457 669 2528 vellem
685 2480 756 2529 non
771 2457 912 2530 dixisse!
940 2457 1055 2530 tima-
1127 2497 1130 2504 v

108 2553 110 2560 ’
176 2559 259 2629 litze
273 2578 341 2625 non
358 2550 406 2624 est
422 2552 505 2624 alius
521 2577 622 2650 quam
640 2555 791 2626 Tmolus
808 2555 932 2652 Lydiae
952 2579 1054 2630 mons

125 2689 128 2694 ·
175 2652 270 2750 apud
297 2651 538 2724 Ptolomaeum.
596 2653 653 2725 De
675 2651 760 2724 urbe
779 2653 914 2724 Tmolo
937 2654 1072 2752 postea·

176 2749 398 2840 videbimus:
429 2750 576 2847 primum
602 2745 645 2820 d'e
667 2768 786 2845 monte
801 2747 938 2822 Ciliciae
962 2752 1053 2849 apud

177 2847 356 2938 Servium,
383 2869 484 2944 quem
502 2851 599 2918 novit
616 2867 754 2944 quoque
769 2848 951 2939 Ottelius,
977 2849 1072 2921 alii·¹

91 2935 104 2952 ⁸
173 2969 255 3059 qpe.
306 2946 346 3017 In
361 2967 430 3042 quo
446 2965 517 3015 non
532 2943 621 3020 aliud
637 2944 706 3016 dici
722 2945 837 3042 potest
844 2996 858 3036 ,
891 2945 1051 3040 nifi²Serf

176 3067 274 3118 vtum
298 3045 405 3142 magis
432 3039 545 3140 sapere
569 3040 709 3116 voluiffe
733 3067 834 3140 quam
858 3043 1053 3144 Virgilium

141 3168 157 3190 a
173 3139 310 3238 ipsum:
348 3163 428 3217 nam
448 3139 510 3214 iste
532 3139 628 3215 locus
648 3163 755 3238 quum
773 3139 823 3244 ‚fit
851 3164 905 3218 11.
938 3145 1051 3238 Georg.

70 3620 162 3648 A

174 3261 237 3338 97·

174 3383 206 3404 -,
929 3348 933 3360 ”
969 3338 1053 3412 Sum
