2384 4020
357 305 792 399 ursos„
940 325 993 407 75

103 440 141 516 id
159 461 323 520 annotare
338 444 396 518 vel
413 444 513 536 ideo,
537 443 631 540 quod
648 443 676 516 is
692 441 735 523 tit
760 443 880 544 genius
902 443 991 518 Sue·
1057 435 1060 440 ’

104 541 221 632 tonii,
270 543 304 621 ui
322 540 408 616 solet
423 541 624 616 adverbium
640 543 761 618 omnino
783 541 990 638 postponere

105 567 363 731 numeraiibus,
388 664 460 714 non
473 661 704 739 praeponere,
727 637 781 711 uti
805 642 893 711 male
916 641 988 711 hic.

105 736 253 836 Angusto
269 762 301 812 c.
316 760 378 812 xx.
395 741 544 810 Externa
559 739 641 809 bella
656 735 716 807 duo
733 744 856 809 omnino
875 757 936 828 per
948 737 990 827 fo

101 833 207 932 geffit.
224 831 440 934 Cap.xx11.
463 837 591 910 Graves
615 837 801 930 ignominias
829 831 989 928 cladesque

107 931 191 1003 duas
209 937 353 1024 omnino,
377 957 432 1006 nec
445 934 524 1005 aiibi
539 953 634 1026 qoam
648 935 683 1002 in
705 932 879 1003 Germania
901 956 990 1003 acce·
1015 965 1018 972 »

102 1031 161 1120 pit
182 1029 368 1118 Lollianam
394 1031 436 1112 ὅ
460 1032 654 1105 Varianam.
703 1023 827 1100 monio
849 1053 881 1100 c.
903 1051 945 1100 vi
958 1051 989 1101 t.

109 1125 180 1197 Sed
193 1131 408 1222 Agrippinam
432 1128 474 1209 &
492 1129 624 1222 abegiffe
640 1125 710 1220 posi
733 1125 911 1198 divortium
930 1126 987 1197 do·

41 1317 44 1322 ¹
107 1225 190 1296 init:
217 1225 260 1305 &
268 1225 369 1320 semei
381 1231 531 1315 omnino,
553 1249 592 1296 en
614 1221 740 1317 occurfio
754 1222 871 1318 visam.
894 1221 991 1320 Cap.

110 1342 177 1390 ιι.
227 1319 305 1394 Toto
320 1324 446 1418 quidem
463 1325 627 1412 trimma,
652 1343 710 1415 quo
731 1325 863 1392 vivente
884 1338 988 1391 matre

108 1417 242 1511 abfuit,
258 1419 361 1513 semel
381 1423 504 1494 omnino
533 1441 630 1506 eam,
663 1441 717 1490 ner
740 1421 875 1510 amplius
894 1437 991 1513 qoam

111 1538 176 1588 mm
191 1516 261 1607 die,
286 1541 325 1590 ac
332 1517 536 1612 panciffimis'
547 1515 635 1587 vidit
649 1515 735 1586 horis
750 1564 763 1605 ,
795 1539 833 1586 ao
848 1539 918 1587 mox
934 1541 991 1587 ne·

109 1635 192 1706 qne,
218 1612 290 1687 &c.
304 1613 394 1712 Cap.
419 1637 553 1687 txxtt.
583 1613 649 1686 ors
668 1615 791 1685 omnino
813 1627 878 1684 toto
889 1611 992 1705 seces·

100 1707 164 1806 fior
189 1726 324 1807 tempore
345 1715 486 1785 Romam
505 1713 609 1785 redire
630 1725 771 1804 conatur.
784 1711 932 1782 'Claudio
957 1733 991 1781 c.

110 1831 181 1883 xvt
194 1829 223 1881 1.
255 1809 495 1903 Expeditionem
508 1832 606 1883 unam
620 1811 743 1882 omnino
749 1805 898 1904 stoscepit.
931 1807 992 1880 Sic
1017 1868 1021 1876 .

110 1906 225 2005 igitur
239 1906 297 1979 ille
312 1907 454 2008 egregie
470 1906 657 2004 ,distinguit
680 1907 832 2004 quinque
854 1903 992 1979 Consu·

111 2001 203 2076 latus
217 2003 367 2077 Tiberii.
417 2003 458 2077 Id
473 2023 657 2102 propterea
678 2027 771 2074 nunc
791 2003 947 2076 annotari
967 2029 993 2080 a

113 2125 173 2172 me
190 2103 378 2199 oportuit,
403 2103 484 2201 quia
506 2096 735 2196 cuspinianus
761 2102 916 2195 quamvis
938 2099 992 2172 ta·

27 2240 33 2258 =
115 2216 232 2272 teatur
256 2200 408 2298 quinque
430 2197 637 2270 Consulatus
656 2193 760 2294 egiiie
782 2195 991 2288 Tiberium,

1 2329 2 2370 r
116 2297 287 2368 tamenin
304 2295 470 2370 hocloco
486 2297 617 2386 hieru,
641 2291 790 2366 scribens
805 2292 846 2366 ad
857 2291 992 2366 Caffio·

1 2413 2 2480 ξ
115 2393 195 2465 dori
210 2392 404 2467 Consules:
430 2392 617 2467 Suetonius
635 2393 672 2464 in
697 2387 846 2482 riberto,
879 2389 992 2464 rubri-

1 2487 2 2582 }
119 2494 146 2538 “
172 2514 213 2562 ca
234 2491 401 2591 vigefima
425 2490 519 2564 sexta
549 2491 679 2580 tradit,
710 2489 897 2564 Tiberium
920 2509 993 2564 tres

1 2593 2 2672 ᾗ
118 2592 145 2636 “
172 2607 309 2662 tantum
343 2587 448 2688 egiss‘e
479 2585 713 2677 Consulatus,
746 2586 793 2660 fic
817 2586 993 2678 scribens,

1 2753 2 2760 ,
118 2685 234 2760 “ubi
260 2686 305 2759 de
329 2685 520 2761 honoribus
550 2710 591 2760 ac
623 2684 932 2785 cognominibusa
960 2682 994 2756 se

1 2827 2 2857 r
119 2788 148 2836 “
174 2786 387 2882 contemptis
402 2787 494 2883 agit:
529 2785 601 2858 Nec
620 2788 758 2878 amplior
779 2805 875 2877 qoam
894 2787 997 2854 omni«

1 2889 2 2946 ἶ
118 2887 148 2928 “
172 2907 212 2955 no
227 2898 292 2955 tres
309 2881 516 2976 Consulatus,
540 2907 636 2957 unam
646 2878 757 2975 paucis
777 2881 913 2960 diebus,
944 2884 997 2952 ai·

121 2985 148 3049 ‘.‘
175 2995 280 3052 terum
294 2981 397 3051 tribus
420 2981 598 3075 menſsbus,
630 2983 761 3053 tertium
782 2975 889 3072 absens
905 2974 1002 3074 osque

120 3081 149 3129 “
174 3082 210 3151 in
225 3076 302 3152 Idm
316 3078 434 3174 Major
444 3077 543 3176 geffit.

897 3365 1005 3440 CA·
