2384 4020
170 204 980 328 Q'XMARMOREAV„

48 386 50 390 '
170 367 353 446 lentiffimo
386 373 424 445 &
448 373 606 472 quidem'
627 373 793 446 Romano
824 371 1058 448 affirmationi¹

171 464 260 542 meae
276 463 382 544 fidem
395 470 531 544 faciam.
570 469 794 568 Vespasranus
808 474 908 569 pater
922 471 958 544 &
975 474 1047 544 Ti-

68 583 73 602 ‘
171 584 227 639 tus
244 561 335 638 filius
350 568 472 641 eodem
491 592 594 642 curru
611 568 733 640 eodem
749 593 838 640 anno
849 571 1047 668 triumpha·

9 745 18 754 υ
170 663 1047 758 veruntdeJudaeiscircaannumV.C.r›cccxxrrr.

171 755 351 860 Simulque
365 761 433 835 fuit
455 761 929 836 decreturSenatusconsulto
952 787 1045 836 mar·
1127 777 1129 784 '

170 881 308 930 moreus
323 883 420 933 arcus
433 859 672 958 triumphalis:
687 859 742 931 sed
756 859 962 952 nonveodem
979 883 1055 932 ana

170 977 219 1026 no
240 947 381 1029 ere&us.
429 957 573 1030 Diutius
595 955 817 1030 trahebantur
840 981 944 1068 qpera
960 957 1043 1030 Ro·

50 1123 54 1131 .
167 1053 290 1144 mana,
315 1077 416 1152 quam
431 1073 471 1126 ut
487 1080 557 1128 uno
571 1079 661 1126 anno
685 1051 863 1152 profligan
886 1054 1043 1150 poffent:

170 1143 336 1223 habemur
357 1151 426 1224 hoc
451 1172 533 1224 ante
553 1151 672 1224 oculos
695 1153 732 1222 in
751 1153 949 1222 Marmorea
961 1152 1042 1225 Basr

169 1241 308 1320 Tiberii
324 1247 466 1322 Caesaris
482 1249 518 1320 &
534 1245 916 1345 arcuTitiVespafiani.
939 1243 1047 1340 Qrid

168 1339 214 1416 fit
231 1344 307 1442 post
321 1345 405 1418 illud
420 1345 778 1420 Senatusconsultum?
802 1348 948 1416 moritur
964 1346 1042 1417 Ve-

149 1436 335 1534 ,spafianus
349 1463 446 1542 pater
462 1442 500 1516 &
517 1443 660 1542 ,quidem
684 1442 761 1542 post
777 1442 907 1538 aliquot
922 1467 1041 1515 annos.

169 1533 256 1614 Nec
270 1537 404 1614 felicior
417 1540 466 1614 cst
481 1540 591 1632 filius,
618 1539 802 1639 srquidem,
828 1539 864 1611 &
881 1542 907 1610 is
923 1538 1039 1636 supre-

167 1657 266 1707 mum
278 1636 371 1710 diem
387 1637 495 1727 obiit,
520 1656 701 1734 antequam
717 1661 814 1710 arcus
836 1635 897 1708 iste
918 1639 1040 1735 exige·

166 1750 278 1804 retur:
306 1755 369 1806 nec
385 1733 435 1805 est
447 1757 544 1806 arcus
559 1733 775 1832 triumphalis
798 1732 840 1806 de
862 1736 952 1806 varia
978 1754 1041 1807 aut

166 1827 273 1900 altera
288 1828 451 1920 vieroria,
475 1829 518 1901 de
533 1854 599 1926 qua
614 1828 673 1903 sub
686 1829 807 1928 judice
822 1831 861 1903 lis
878 1827 1038 1928 poffites·

122 1989 124 1994 .
165 1923 222 1997 se:
246 1922 300 1997 sed
314 1925 357 1998 de
373 1925 441 1998 sola
457 1925 912 2026 vistoriaJudaicafflartaa
929 1930 1037 2020 Tito,

164 2023 305 2096 vivente
318 2022 524 2122 Vespasrano
537 2043 644 2124 patre.
693 2023 791 2098 Idem
806 2026 864 2097 hic
879 2049 1038 2106 marmo-
1060 2111 1062 2116 Ι

164 2143 244 2193 reus
258 2143 354 2195 arcus
367 2121 607 2221 Triumphalis
630 2121 673 2194 de
690 2121 820 2216 Judaeis
845 2144 915 2192 non
940 2123 982 2194 de
1000 2148 1037 2194 a·

150 2217 219 2388 ¹gis
242 2220 521 2316 ‘gentibusetiam
545 2218 649 2294 hodie
667 2221 798 2292 Romae
820 2218 929 2292 exstat
953 2244 1038 2294 cum

194 2333 299 2390 rterrs.

188 2411 444 2489 SENATUS.
459 2411 707 2488 POPULUS.
727 2409 848 2508 QUE.
859 2411 1036 2494 ROMA÷

49 2499 60 2607 J
188 2505 464 2584 NUS.DIVO.
478 2511 758 2587 TITO.DIVI.
776 2509 1036 2582 VESPASIA-

197 2605 271 2680 NI.
296 2607 336 2680 F.
356 2607 700 2682 VESPASIANO.
732 2605 1001 2680 AUGUSTO.

164 2703 198 2776 E
222 2703 345 2802 quibus
355 2706 482 2779 litteris
501 2695 633 2778 DIVO
643 2724 782 2803 apparet
816 2703 867 2776 ost
883 2721 1034 2776 mortem

99 2877 102 2885 A
163 2799 244 2873 Titi
262 2826 380 2876 arcum
395 2802 497 2875 istum
513 2798 711 2876 confefifflm
728 2729 845 2890 furh,
870 2799 1035 2896 quemad·

162 2897 307 2972 mod'um
325 2899 504 2973 Nardinus
519 2902 623 2971 etiam
639 2897 809 2994 explicat:
826 2921 1034 2994 quamquam

143 3031 144 3035 =
162 3015 207 3064 ex
223 2997 409 3094 Angelono
424 2997 529 3090 'addit
551 2995 588 3066 &
610 2994 708 3066 aliam
733 2994 1002 3092 explicationem
1019 3044 1034 3094 2

150 3089 255 3188 quali
272 3093 406 3168 DIVO
421 3095 525 3165 etiam
541 3091 627 3164 vivis
642 3089 911 3190 Imperatoribus
932 3091 1032 3163 attri-

162 3186 338 3265 bueretur.
383 3193 474 3266 Pace
490 3187 640 3268 Nardini
652 3213 725 3265 non
739 3207 810 3272 tam
827 3211 871 3264 ex
894 3187 1031 3264 DIVO

689 3328 694 3337 ·
953 3307 1038 3384 pro·
