2440 4032
216 271 285 377 138
422 267 927 346 MARMOREA‘

69 461 75 468 .
210 404 270 501 jus
283 400 449 473 memoria
469 397 517 470 ob
540 399 630 472 varia
645 395 812 508 Lugduni
829 395 1002 495 quondam
1018 399 1091 470 mi·

217 501 255 574 hi
273 496 421 596 praestita
437 494 550 570 officia
565 519 637 566 non
652 519 764 566 murus
780 517 877 594 grata
890 495 959 586 est,
984 519 1092 590 quam

217 596 390 673 familiaris
405 595 473 664 mei
489 589 665 682 Coss'onii,
688 593 791 664 ambo
806 593 982 665 desiderati
999 617 1090 687 quo-

217 718 287 795 que
308 693 455 765 multum
480 691 629 761 Patrono
654 714 734 760 meo
756 690 1090 790 Magliabeecquio‚

218 791 383 888 nobisque
408 789 566 860 humanae
588 787 786 885 fragilitatis¹
801 788 909 860 tristia
923 787 958 858 ὅ(
976 811 1093 859 amara

220 889 378 984 exempla
400 887 620 982 reliquerunt.
669 885 818 981 Sponius
840 909 921 957 cum
937 887 1092 956 maxime

221 987 308 1060 mihi
331 981 504 1056 metuebat
527 986 563 1054 in
583 980 726 1053 traniitu
747 982 891 1054 brumali
915 983 1055 1078 Alpium
1076 1012 1093 1068 ς

221 1084 385 1170 ucernis,
416 1079 534 1176 caligis
549 1079 770 1150 muniendum
794 1079 956 1152 monebat
970 1078 1093 1150 adver·

224 1178 445 1266 sushorrendi
455 1175 582 1248 Cenifii
592 1178 720 1247 montis
734 1175 882 1274 frigora,
906 1179 1094 1248 anxiaora·

227 1282 324 1351 tione
338 1275 428 1362 casm
444 1272 481 1344 &
496 1274 646 1370 pericula
661 1273 859 1361 differebat,
885 1271 921 1343 &
937 1273 1093 1344 medum

158 1405 161 1410 ·
226 1372 490 1542 [aivumeffpit‚
511 1370 581 1470 ipse
594 1369 670 1470 post
684 1393 788 1443 annos
808 1369 1002 1444 crudelibus
1015 1369 1097 1443 fatis

225 1491 341 1568 raptus
407 1525 415 1539 .
667 1488 669 1492 ’

129 1587 144 1618 i
281 1569 376 1641 Haec
398 1565 478 1638 urbs
509 1567 600 1640 varie
621 1565 828 1660 exprimitur
850 1589 912 1663 per
936 1562 1097 1664 Cybelen
1207 1587 1210 1600 ⁴

228 1665 322 1762 apud
348 1664 516 1761 Sponiurir
534 1662 570 1732 &
586 1661 863 1736 Amoenissimum
888 1661 1013 1735 Virum
1036 1661 1099 1732 De

231 1760 355 1836 Wilde
364 1793 376 1845 ς
404 1784 465 1856 per
474 1758 661 1831 Herculem
676 1759 766 1852 apud
780 1759 976 1854 Tristrnum
987 1761 1098 1828 Tom.

234 1882 290 1936 rr.
314 1881 355 1954 pa
388 1915 391 1922 .
413 1852 488 1953 138.
521 1879 582 1952 per
596 1855 793 1929 Minervam
809 1857 917 1930 Tom.
937 1879 1002 1936 11.v
1016 1877 1098 1952 pag.

230 1979 314 2055 400.
384 1951 539 2030 acrobius
556 1952 636 2024 Lib.
655 1975 684 2048 3.
717 1953 788 2025 Sat.
803 1980 838 2040 9.
871 1955 1000 2048 conflat
1014 1957 1100 2026 enim
1201 1951 1205 1960 “

230 2078 331 2134 omnes
344 2053 433 2124 urbes
446 2055 481 2145 in
495 2052 628 2143 alicujus
649 2052 718 2121 Dei
729 2053 788 2144 effe
801 2056 914 2124 tutela.
965 2050 1101 2121 Verum

233 2151 328 2241 nulla
342 2149 493 2222 istorum
506 2150 685 2221 numinum
701 2145 825 2244 species
839 2150 921 2220 huic
936 2147 1105 2218 conveni·

234 2278 273 2330 re
304 2247 470 2322 videtur:
507 2267 548 2318 ut
575 2265 694 2342 putem
732 2248 768 2316 in
798 2247 994 2318 Marmorea
1025 2241 1105 2318 ssafi
1163 2295 1167 2301 -

234 2351 339 2423 alium
356 2346 472 2416 Deum
487 2339 659 2440 sculptum
674 2341 739 2430 effe
747 2364 896 2440 propter·
905 2342 1032 2414 nudum
1042 2365 1107 2436 pe-

234 2445 330 2536 etus,
354 2441 472 2530 virile,
497 2437 585 2510 succi
604 2439 762 2536 plenum,
786 2439 1003 2537 &reliquam
1024 2461 1106 2509 cor·

235 2543 328 2644 poris
344 2559 472 2634 partem
487 2537 633 2612 vestibus
647 2555 823 2634 opertam,
850 2558 976 2635 praeter
991 2535 1108 2634 pedes,

237 2659 362 2734 nempe
378 2633 640 2732 AEseulapium,
672 2636 729 2732 qui
755 2635 838 2706 solet
861 2632 989 2706 finistra
1005 2656 1111 2706 manu

237 2735 410 2814 baculum·
425 2755 560 2818 tenere3
586 2732 643 2804 hic
665 2752 779 2804 tamen
794 2731 932 2804 baculus
952 2729 1111 2802 destitui·

240 2837 299 2912 tur
323 2832 482 2927 serpentis
506 2853 605 2900 nexu.
663 2823 775 2901 Etiam
803 2827 996 2901 Bulifunius
1019 2827 1113 2898 affir-

211 2950 314 3030 ,mat
330 2931 440 2998 virum
465 2927 547 3025 effe:
581 2948 786 3022 quamquam
811 2947 916 3022 caput
944 2925 1114 2998 muliebre

243 3026 326 3126 quid
348 3025 520 3112 ostenrer3
553 3019 644 3119 quod
668 3022 846 3098 obscurum
863 3018 1115 3115 &obsoletum

242 3143 391 3220 apparet.
442 3121 584 3192 Brachia
600 3143 699 3216 rupta
713 3118 808 3213 sunt,
835 3125 979 3194 maximi
995 3142 1116 3194 tamen

245 3218 463 3322 &integrior
478 3243 554 3320 pars
574 3220 727 3318 eorporis
748 3221 848 3322 plane
870 3219 1115 3318 AEsculaprum
1206 3275 1208 3284 .

1053 3315 1117 3393 de.
1206 3351 1208 3364 r
