2384 4020
192 281 245 359 50,
403 253 884 338 MARMOREA

193 385 262 458 cim
291 379 423 469 urbm
464 406 609 480 quarum
645 404 785 484 quartus
812 408 920 458 annus
944 377 1084 459 Tiberii

190 487 295 584 juxta
326 479 512 554 Eusebium
553 480 649 573 suit,
696 507 768 557 non
806 482 936 556 biennii
974 502 1085 556 meta·

197 577 413 653 chronismus
452 582 717 672 committitur,
764 581 819 654 scd
844 583 948 654 unius
974 583 1086 653 anni:

201 671 242 750 fi'
260 675 302 750 srt
342 675 659 750 metachronismus·
683 678 908 770 commissus,
948 680 1009 777 qui
1034 699 1086 750 ta·

200 800 282 850 men
292 777 394 872 juxta
408 773 581 850 calculum
601 777 812 878 Hieronymi
827 801 898 849 non
917 776 966 849 est
985 801 1087 850 conr·

205 873 333 948 missus.
920 899 922 904 ·

205 974 233 1017 ‘⁶
287 970 409 1069 Pergit
425 975 438 1040 t'
454 968 527 1042 advo
541 970 758 1067 Tredecim]
786 971 964 1046 Duodecim
977 969 1089 1044 Corn.

164 1159 166 1167 A
205 1076 233 1118 “
256 1070 416 1143 Tacitus.
466 1071 554 1141 ltem
573 1069 721 1142 Plinius:
748 1075 1091 1142 maximasterraeme·

188 1173 234 1235 ‚“
258 1173 361 1242 maria
381 1170 565 1239 mortalium
572 1167 695 1260 exstitit
709 1184 810 1240 matus
824 1165 944 1240 liberii
953 1165 1093 1262 Gestaris

207 1272 234 1316 “
253 1271 438 1361 principatu
454 1287 520 1336 xrr.
561 1267 691 1339 urbibus
716 1272 802 1362 Asta
823 1289 888 1336 una
910 1273 996 1337 nolle
1012 1286 1092 1358 pro·

208 1371 237 1413 ‘⁴
254 1367 382 1461 stratis.
432 1365 522 1436 ltem
539 1365 677 1436 Solinus
694 1362 738 1436 C.
755 1385 826 1436 aar
839 1385 851 1434 1
864 1387 893 1436 r.
918 1363 955 1434 δί
973 1363 1017 1435 L.
1029 1363 1093 1436 Se·

209 1467 237 1509 ‘⁶
260 1487 345 1536 neca
367 1461 456 1535 Nar.
481 1462 605 1560 Quaest.
622 1487 670 1534 vr.
705 1463 869 1562 Prologo.
919 1463 1094 1631 ,ζηαίαν-

210 1567 238 1609 “
263 1563 361 1634 decim
388 1560 615 1655 Nicephorus
631 1559 802 1633 Callistus.
852 1559 953 1632 Itael
976 1609 997 1649 ,y
1022 1582 1096 1631 non

212 1683 329 1735 tamen
337 1657 435 1730 valde
451 1657 698 1730 dissentiunthi
715 1656 902 1730 Austores:
919 1679 1096 1728 namcon·

130 1769 135 1778 '
212 1757 365 1832 fundunt
379 1776 446 1848 tres
462 1775 563 1826 terrae
581 1773 717 1827 motus:
743 1758 875 1852 primus
883 1755 996 1852 rapuit
1006 1753 1096 1826 duo-

213 1855 327 1929 decim
344 1852 465 1940 urbes,
490 1850 655 1924 secundus
671 1851 798 1951 adjecit
813 1844 1009 1948 Ephesum,
1026 1871 1098 1924 ter·

152 1989 156 1997 ·
214 1956 283 2028 tius
297 1950 488 2048 Cibyram3
515 1950 551 2021 ὃς
568 1952 615 2024 it'a
632 1973 855 2025 numerantur
871 1949 1099 2047 quattuorde·
1188 1961 1191 1970 ’

103 2121 107 2128 .
215 2055 300 2126 cim.
348 2051 504 2124 Fuerunt
525 2051 628 2122 etiam
647 2049 759 2146 plures
780 2070 881 2122 terrae
905 2048 1100 2121 motussub

216 2151 385 2225 Tiberio:
412 2147 468 2220 sed
484 2148 520 2221 hi
536 2167 610 2220 tter
619 2147 794 2247 pertinent
810 2148 853 2220 ad
868 2144 959 2219 Afiae
975 2148 1102 2220 civita·

217 2269 609 2328 tesansrrruras.
938 2295 940 2300 ,

274 2349 448 2418 Praeterea
471 2344 602 2417 cladem
627 2341 794 2418 tredecim
826 2341 964 2416 urbium
996 2340 1105 2415 refert

219 2446 459 2538 Hieronymus
471 2444 513 2515 ad
529 2467 655 2515 annum
666 2441 884 2542 Olympiadis
901 2439 1103 2514 centefimae

219 2539 452 2641 nonagesimae
469 2565 570 2611 nonae
587 2539 795 2633 secundum,
820 2563 922 2636 quem
938 2538 1104 2612 eumdem

221 2640 325 2718 habet
342 2663 423 2712 cum
440 2638 591 2711 Eusebio
625 2661 679 2735 ag.
690 2662 770 2711 201.
796 2659 965 2736 quantum
982 2637 1104 2710 hicdi·

221 2741 286 2814 stat
302 2765 320 2812 a
334 2733 464 2810 biennii
482 2664 797 2809 metaclronismo?
1152 2797 1158 2802 .

114 2871 116 2876 ¹
220 2845 248 2886 “
273 2835 395 2936 Pergit
409 2848 422 2906 ὅ
437 2834 510 2906 πάνυ
526 2835 595 2906 Dia
611 2833 807 2934 Hyrcania]
826 2834 926 2906 Farra
954 2831 1106 2905 oChro·

78 2931 85 2940 “
221 2943 248 2988 “
272 2937 342 3009 nici
362 2957 406 3006 ex
422 2932 644 3023 Bibliotheca
660 2933 772 3031 Regis
787 2935 865 3005 haec
880 2855 984 3004 verlra
1000 2932 1106 3004 Grae·

222 3043 250 3085 “
273 3038 437 3106 cacitans
457 3027 651 3104 nonhabet
674 3047 743 3102 ma.
794 3031 867 3102 Aut
889 3030 960 3102 Dia
974 3027 1106 3129 separa·

222 3141 249 3182 ‘⁶
275 3132 340 3202 tim
366 3129 582 3230 legendum,
616 3127 654 3199 ὃ(
670 3131 719 3202 ita
732 3152 808 3201 xrv.
847 3127 949 3200 urbes
971 3146 1107 3217 erunt,

221 3234 250 3283 “
274 3251 348 3302 non
361 3252 405 3302 xr
418 3252 472 3306 rr.
506 3229 581 3304 Aut
597 3227 668 3304 Dia
682 3227 860 3328 Hyrcania
877 3223 1107 3398 conjy‘nelgim.

1053 3347 1109 3397 am
