2440 4032
351 311 381 392 B
430 316 464 391 A
513 319 536 394 S
587 319 691 436 bs·
897 344 977 421 rat·

67 443 177 525 sulem
196 447 289 522 Afiae
306 449 463 539 accuset,
488 449 647 523 hunc.ab
667 447 850 526 Historicis
875 454 967 540 inter

68 549 173 622 urbes
188 549 389 637 numerari,
414 546 505 620 nulla
525 547 708 622 difficultas
729 551 766 620 in
792 575 834 622 eo
858 550 964 622 debet

68 645 148 718 ell‘e.
199 647 287 718 Sane
311 642 348 714 ὅτ
373 643 546 740 pleraeque
568 645 667 718 urbes
690 673 707 719 a
733 646 963 720 montibus&

67 745 156 814 vicis
173 764 334 840 coepere,
360 739 534 814 &eodem
550 745 691 815 nomine
715 767 799 816 mox
822 762 962 816 montes

68 839 107 910 &
124 840 227 912 urbes
250 841 525 911 nominaverunt.
561 842 619 913 Sic
637 842 756 933 Λαέρτης
781 843 976 939 Stephano·

67 941 122 1029 Sper
158 941 183 1033 ri,
214 934 296 1012 elnac.
346 934 476 1008 Circeii
510 937 670 1010 Straboni
694 943 747 1036 l'goc
772 944 974 1037 rimulxnots

6 1031 8 1078 ³
67 1033 153 1106 Lib.
178 1049 212 1106 v:
255 1058 309 1132 ag.
330 1053 407 1130 232.
433 1033 596 1133 ulamma:
623 1037 783 1109 Straboni
801 1037 958 1108 Libvrr.

68 1131 107 1202 ὅτ
140 1060 330 1228 Stepbann
379 1131 504 1206 Pindus
526 1157 611 1204 mons
634 1135 676 1212 &
699 1133 773 1206 urbs
796 1133 959 1205 Straboni

67 1228 153 1300 Lib.
185 1250 241 1300 rx.
275 1230 406 1299 Celaenae
419 1253 504 1300 mons
521 1231 561 1310 ὅ
579 1231 673 1320 urbs,
699 1229 859 1304 Straboni
875 1227 959 1303 Lib.

67 1349 154 1398 xri.
180 1324 343 1418 lldrsenum
358 1323 517 1422 ἀκρωτήριον
540 1327 700 1399 Straboni
717 1326 799 1399 Lib.
824 1353 856 1400 v.
880 1327 958 1398 Fla-

6 1447 8 1530 :
67 1424 129 1494 vio
140 1419 295 1518 Josepho
312 1423 384 1493 urbs
400 1424 482 1494 Lib.
497 1447 581 1495 xrx.
600 1426 721 1522 Antiq.
735 1423 817 1516 Jud.
842 1435 956 1500 {1th-

6 1547 8 1566 *
66 1519 146 1601 νηνὲς
161 1519 249 1612 ἑτέρων
265 1520 343 1592 πᾶλιν
358 1521 583 1593 inlaudata:
611 1521 671 1591 Ad
693 1521 856 1614 Misenum
870 1528 953 1594 alte·
1051 1608 1054 1614 Ι

6 1621 8 1682 3
66 1643 140 1690 rum
156 1619 302 1710 oppidum
317 1622 526 1690 maritimum.
560 1614 713 1690 Taenaron
729 1617 849 1689 Solino
865 1619 956 1717 Cap.

6 1737 17 1788 ὃ.
67 1738 149 1787 xur.
168 1720 417 1807 promontorium
434 1717 476 1796 &⁷
494 1718 578 1793 urbs.
605 1717 679 1787 Aut
697 1715 722 1786 fi
738 1715 959 1790 vetustahaec

6 1823 8 1834 '
67 1813 295 1884 exoluerunt:
322 1835 529 1910 quamquam
552 1812 595 1884 de
619 1813 752 1885 Tmolo
774 1813 860 1885 nihil
892 1814 956 1888 nili

20 1984 25 1990 ,
66 1913 246 2007 antiquum
265 1909 422 1980 meditari
440 1909 643 1982 debeamus:
669 1909 773 1980 hodie
797 1911 832 1981 in
849 1911 957 1990 Etru·

6 2035 9 2048 ¹
66 2007 116 2078 ria
132 2030 235 2078 mons
253 2004 289 2076 &
304 2005 386 2077 urbs
398 2007 528 2079 vitibus
542 2005 711 2102 insignis,
742 2005 779 2076 &
804 2009 955 2079 maxime

57 2103 212 2180 ‚celebris
227 2102 425 2200 epitaphio,
449 2127 520 2270 auo
536 2100 839 2174 PROPTER.
865 2103 905 2174 N
918 2105 956 2173 I-

65 2201 231 2273 MIVM.
258 2200 353 2272 EST
377 2223 450 2297 prae
475 2201 604 2289 icatur,
620 2197 704 2268 olim
721 2195 860 2289 Falisci,
877 2199 956 2271 haec

65 2296 147 2370 urbs
163 2296 336 2386 turribus,
362 2299 468 2368 muris
490 2296 526 2368 ὃ(
550 2298 661 2396 portis
682 2295 830 2386 vallata,
861 2318 955 2368 nunc

66 2418 139 2466 non
169 2394 269 2466 aliter
293 2393 482 2490 appellatur
503 2393 546 2466 ab
577 2392 673 2465 Italis
704 2415 806 2490 quant
839 2393 956 2467 Monte
1063 2425 1064 2430 ¹

65 2490 227 2586 Hascone.
266 2491 324 2560 An
337 2513 380 2562 ex
397 2491 466 2562 hoc
483 2491 622 2562 nomine
638 2488 812 2587 quisquam
826 2490 952 2564 inferre
975 2502 977 2506 ’
1012 2543 1016 2558 .

67 2587 193 2660 audeat
208 2587 323 2660 Monte
342 2587 486 2683 Fiascone
503 2587 665 2683 appellari
675 2587 958 2674 montem&nons
969 2631 986 2652 «

67 2686 135 2758 effe
152 2683 297 2757 urbem?
322 2684 426 2756 Plane
448 2683 498 2756 est
520 2683 638 2762 eadem
670 2687 955 2780 argumentatio,

69 2805 149 2879 quae
164 2780 208 2852 de
224 2801 343 2853 monte
359 2780 504 2853 Tmolo
552 2781 645 2853 Haec
659 2781 870 2878 comparatio
888 2782 959 2852 im·

70 2901 172 2950 mane
205 2895 372 2976 quantum
400 2901 455 2948 me
484 2875 695 2966 deleelavit,
726 2901 827 2975 quam
845 2875 957 2949 debeo

16 3007 18 3014 ’
69 2976 226 3073 Optimo
241 2974 461 3064 Maecenati,
495 2973 824 3072 Magliabeecquio,
856 2976 957 3072 cujus

69 3071 328 3144 auctoritate&
343 3068 486 3144 consilio
510 3095 591 3144 curn
609 3069 788 3144 Florentia
802 3072 959 3146 Romam

70 3189 251 3267 peterem,
278 3166 500 3266 &numquid
524 3167 658 3258 vellet,
691 3167 885 3240 humillime
899 3193 960 3241 ro·
1045 3179 1049 3186 '

19 3337 20 3374 ᾗ
71 3287 211 3365 garem:
236 3263 432 3366 magnificis
440 3266 650 3366 minimeque
659 3264 962 3438 fmbitiofiscomq

19 3381 21 3408 l
702 3383 724 3438 7.
761 3383 763 3387 ·
859 3387 958 3449 men·
