2440 4032
347 272 379 348 B
428 271 463 345 A
510 269 535 345 S
583 268 604 343 1
651 265 689 343 S.
787 353 791 358 ¹
841 355 846 362 ,
891 260 960 364 185

86 411 177 520 'quem
192 413 358 488 barbarico
372 409 515 505 sermone
540 405 702 504 (Perfico
723 407 876 506 opinor)
905 411 958 481 iu-

85 539 229 606 vocans,
253 511 308 583 ubi
320 507 432 600 defiet,
449 509 594 603 statime
615 509 709 612 lignis
712 507 825 602 sponte
835 509 961 600 pariffl.

87 635 143 684 ma
159 610 299 704 flamma
322 606 500 692 emicat&
522 605 676 698 adsurgit.
724 603 765 676 ld
786 603 818 676 se
842 605 960 680 vidiffo

89 705 266 782 Pausanias
282 701 441 777 testatur:
468 701 505 776 ὃ(
522 726 594 778 non
609 699 713 774 dubie
728 699 811 776 hinc
826 703 960 800 templo
1031 781 1035 786 ,

89 803 239 904 religio,
265 799 369 898 &jus
383 823 468 872 mox
484 797 589 896 Asyli.
639 795 804 873 Eusebius
826 798 864 872 &
889 802 960 876 Ni·

89 905 264 1000 ecphorus
286 897 446 970 Callistus
467 895 593 970 habent
617 893 709 970 idem
731 897 875 970 omnino
899 921 962 970 no·

94 1021 205 1088 men,
237 994 329 1093 quod
346 994 545 1070 Marmorea
565 991 659 1064 Bafis
674 992 902 1085 demonstrat,
927 997 964 1074 in

90 1120 165 1194 quo
183 1092 279 1167 lubet
293 1093 420 1190 gratari
436 1091 608 1164 Marmori
625 1087 662 1161 &
676 1087 776 1162 bonis
799 1091 963 1168 Austori·

92 1192 188 1281 bus,
214 1191 307 1288 quod
325 1208 396 1260 tam
418 1185 567 1277 fideliter
591 1185 797 1286 conspirent.
845 1189 965 1264 Habet

93 1289 269 1386 Seguinus
307 1309 489 1358 nummum
525 1300 818 1380 IEPQKAICAPEQN.
848 1286 967 1360 Plures

91 1408 256 1458 nummos
270 1380 868 1461 HIEROCAESARIENSIUM
882 1407 965 1482 pro·

91 1481 162 1554 fert
176 1479 387 1554 Harduinus.

4 1605 6 1668 j
142 1579 230 1658 Hoc
246 1579 384 1666 ὅδωπὲρων
408 1571 485 1674 post
502 1573 682 1650 secundam
697 1578 734 1650 in
749 1573 846 1650 Italia
868 1589 965 1674 peto·
1049 1627 1056 1639 ‚

5 1691 9 1700 ’
71 1736 73 1740 .
137 1677 325 1750 inationem
341 1673 377 1745 &
395 1671 688 1772 Ampliffimorum
706 1673 872 1748 Virorum
888 1698 966 1746 eru·

119 1776 167 1844 ita
183 1771 355 1846 consortia
371 1769 550 1845 Vincentii
560 1769 966 1846 CoronelliSummiVe·

93 1891 257 1941 netorum
274 1867 496 1966 Gcographi,
523 1892 672 1940 necnon
688 1867 966 1966 postCeleberri·

4 2003 5 2006 ¹
96 1970 146 2039 mi
166 1966 202 2036 &
228 1961 450 2037 Amaeniffimi
471 1965 612 2056 Joannis
634 1963 809 2062 Ciampini
832 1967 968 2040 Acade-

87 2066 205 2137 ·rniam
224 2063 374 2156 Roma,
400 2058 489 2132 ut&
507 2058 743 2158 Spectatiffimi
768 2059 805 2132 &
825 2053 968 2136 Grauis-

7 2249 8 2256 *
96 2160 176 2234 fimi
193 2161 320 2232 Prioris
340 2160 528 2232 Domenici
538 2157 685 2230 Antonii
693 2157 883 2256 Galdolphi
892 2160 968 2234 Ge·
988 2242 996 2252 s

7 2269 8 2311 i
94 2283 202 2347 nuae,
248 2258 462 2351 aliorumque
486 2253 755 2328 Clariffimorum
785 2255 967 2332 hominum

91 2355 363 2444 Humanitares,
387 2352 428 2425 ad
442 2354 717 2450 quosMoecenas
731 2353 968 2466 Magliabeec·
1047 2392 1051 2408 =
1187 2405 1195 2424 .

10 2509 11 2532 r
95 2454 196 2549 quius
220 2475 282 2548 per
307 2451 439 2524 Italiam
462 2464 590 2548 perque
613 2449 836 2526 Germanum
867 2477 967 2528 com-

95 2549 312 2621 mendatitias
342 2546 509 2636 dederat,
543 2571 624 2644 quas
648 2569 823 2648 tamquam
848 2551 966 2627 Deum

51 2677 53 2682 ·
95 2645 300 2744 hospitalem
315 2670 355 2718 ac
371 2645 524 2717 refferam
542 2645 845 2736 circumferebam,
862 2671 966 2744 appa·
1032 2666 1038 2673 ·

95 2745 188 2832 ravi,
214 2742 254 2820 ad
271 2741 364 2839 quod
384 2742 526 2819 invitem
541 2764 656 2821 rerum
672 2741 709 2822 &
724 2743 914 2818 litterarum
929 2769 965 2816 a·

95 2859 248 2915 mantes:
274 2863 346 2910 non
363 2838 458 2910 velut
471 2840 621 2924 Phineus
638 2841 854 2938 Argonautas
877 2841 966 2912 invi·

97 2939 207 3027 tavit,
232 2955 406 3008 uteorum
423 2937 550 3008 auxilio
567 2935 683 3010 cibum
700 2988 713 3028 ,
744 2962 846 3034 quem
868 2939 989 3030 jovis,

15 3037 18 3138 f
96 3057 198 3112 canes
219 3031 442 3122 auferebant,
474 3032 543 3131 ipse
556 3054 692 3131 caperet
708 3033 745 3106 &
761 3037 797 3112 in
813 3060 852 3108 os
867 3039 967 3134 inge·

96 3151 208 3203 reret:
236 3129 346 3202 nullos
360 3131 452 3202 enim
469 3130 551 3208 tales
567 3131 677 3220 novi,
702 3152 760 3210 aut
784 3135 869 3207 mihi
893 3157 966 3210 rem

17 3257 20 3348 ἰ
97 3227 262 3316 cumillis
279 3225 377 3306 fuine
400 3229 563 3319 memini,
589 3227 714 3400 sedpp1
729 3230 968 3330 ingeminem,

18 3349 46 3380 '‘
306 3373 308 3378 ’
351 3343 353 3349 ’
673 3399 679 3408 ·
738 3347 762 3428 5
903 3339 971 3422 'Mt
