2406 4036
246 384 248 388 ,
441 291 475 372 Β
524 298 557 372 A
607 299 631 376 S
681 293 700 374 I
750 301 785 376 S.
855 301 879 358 ἶ
1026 310 1042 386 l

156 425 189 470 “
213 422 464 526 Cottigutgo‚
498 425 586 502 mihi
603 429 761 504 retulerit
781 427 829 501 ibi
850 429 954 519 etiam
981 425 1047 498 ella

158 526 191 566 “
216 525 410 598 inventam:
437 516 627 599 &insimul
642 527 733 598 aliud
748 525 877 626 grande
895 547 1048 596 marmot·

161 623 193 664 “
216 619 392 696 detestum
408 623 477 715 iti‚1
496 622 559 697 uifi
575 620 729 722 sumptus
750 646 942 721 paucorum
960 620 1044 692 Phi·

163 718 193 761 “
218 718 415 818 lippeorum
431 721 612 797 dominum
630 721 847 796 inhibuille't:
873 715 1045 800 hancretu

162 817 191 858 “
206 838 288 887 uon
304 813 373 890 sme
388 816 596 916 aegtitudine
611 817 776 892 intellexi.

164 915 193 956 “
243 912 359 1014 Igitur
372 939 391 988 a
405 935 476 988 tam
494 915 717 990 memorando
732 915 932 1016 fragmento
944 912 1046 984 Anti·

135 1027 140 1032 ·
165 1013 194 1053 “
220 1011 361 1106 quitatis
384 1013 546 1084 incitatus
567 1015 663 1086 volui
686 1014 763 1112 post
787 1015 868 1086 illuc
891 1007 1048 1101 reveni,
1094 1023 1097 1028 '

163 1111 192 1151 “
218 1106 256 1178 &
272 1132 408 1181 mecum
425 1109 552 1182 ducens
566 1109 736 1184 celebrem
753 1109 921 1209 pielorem
934 1109 1021 1202 Jaco
1033 1145 1049 1162 ·

167 1209 194 1249 “
221 1203 306 1278 bum
321 1206 453 1279 Padum
477 1209 593 1280 curavi
607 1228 647 1280 ut
662 1211 759 1282 omni
775 1208 961 1295 subtilitate
976 1205 1048 1277 fot·

167 1307 312 1395 “mam
340 1305 527 1394 Marmoris
550 1304 587 1375 &
612 1305 796 1379 statuarum
826 1299 1048 1403 exprimeret.

169 1405 196 1445 “
222 1399 341 1496 anue
357 1399 533 1474 finemota
546 1400 1048 1500 perlataadEmlnentiffimum

168 1502 196 1542 “
221 1497 562 1597 Archiepiscopum,
594 1523 676 1572 cum
697 1499 819 1572 eodem
840 1499 971 1598 placuit
996 1521 1049 1569 re·

170 1599 197 1641 “
222 1619 334 1667 meare
348 1597 532 1688 Puteolos,
557 1595 594 1669 &
610 1598 750 1670 inventa
765 1619 904 1678 omnem
921 1596 958 1666 in
974 1619 1051 1692 pat·

162 1695 197 1750 -“
221 1710 292 1766 tem
311 1690 462 1791 perlaeta
476 1718 547 1766 non
561 1719 684 1792 patum
699 1692 907 1769 nobililltmo
922 1693 1051 1766 Domi·
1101 1735 1103 1740 ·

63 1863 75 1881 ,
173 1793 200 1836 “
223 1815 269 1862 no
294 1791 441 1887 placuit..
492 1791 587 1891 Quae
610 1794 722 1866 forma
744 1812 786 1866 ut
817 1792 916 1865 fimul
941 1789 1053 1888 pollet
1144 1872 1149 1878 ¹

173 1892 199 1933 ‘⁶
223 1908 303 1959 cum
322 1889 387 1976 hac
404 1887 654 1964 Dill'crtatione
667 1891 834 1990 publicari
852 1892 888 1964 in
901 1889 1051 1988 gratiam

172 1991 198 2032 “
225 1986 568 2066 statutt-am
610 1987 847 2062 Vestam
879 1989 1052 2058 Rava-

170 2087 198 2130 “
224 2081 540 2174 ttuuutsttmm
572 2082 610 2157 &
634 2084 773 2159 illorum
796 2083 1052 2172 studiosorum,

169 2185 199 2229 “
223 2179 347 2278 quibus
371 2185 443 2280 ejus
466 2183 642 2270 historiam
667 2181 831 2274 illustrare
879 2180 1052 2270 uenerit,

170 2285 200 2326 “
223 2277 343 2352 itidem
360 2282 477 2369 curavi
502 2303 575 2350 eam
592 2279 705 2373 caelati
721 2277 763 2350 ab
785 2205 912 2352 celeiri
930 2273 1056 2364 Tereia

171 2381 199 2424 ‘⁶
224 2375 315 2449 Pada
334 2378 462 2449 Sorote
480 2375 605 2470 Jacobi
621 2375 770 2476 ejusdem
788 2427 800 2472 ,
830 2375 871 2448 ,δε
887 2375 956 2448 hoc
973 2371 1051 2464 est,

173 2479 201 2534 ‘⁶
224 2472 318 2571 quod
334 2473 393 2547 hic
410 2472 618 2546 observatur.

170 2575 200 2618 “
273 2571 359 2644 Hoc
377 2573 539 2644 Marmor
562 2590 703 2671 apparet
725 2569 850 2644 habere
872 2567 1052 2668 figuram,
1120 2576 1133 2599 ⁸

174 2673 200 2715 “
248 2691 326 2740 uam
344 2669 590 2742 Mathematici
605 2687 733 2742 vocant
749 2667 941 2768 parallelam
955 2665 1055 2763 bipe-

172 2769 200 2812 “
224 2691 332 2857 iem,
357 2765 502 2866 longum
524 2767 657 2866 palmos
675 2765 827 2863 septem,
850 2762 957 2836 latum
981 2761 1054 2859 pal-

174 2867 202 2910 “
227 2886 351 3030 mosd4.
368 2860 406 2934 &
420 2864 536 2936 uncias
550 2859 615 2961 γὲ.
640 2860 802 2935 Altitudo
816 2861 865 2932 est
879 2857 1054 2931 eademla·

174 2965 203 3006 “
227 2961 296 3033 titu
322 2959 381 3032 ini.
650 2962 651 2965 ’
1051 2977 1052 2984 ’

131 3077 134 3084 ’
175 3061 204 3103 “
278 3058 309 3126 A
326 3075 423 3156 parte
436 3053 569 3131 adversa
586 3056 743 3128 continet
760 3047 1056 3154 hancluscriptio·
1115 3154 1119 3182 ι

177 3159 205 3201 tt
231 3175 332 3244 nem,
364 3191 366 3196 ,

705 3299 709 3306 ¹
762 3315 843 3418 Ala
975 3293 1058 3419 TI
1119 3309 1157 3360 ⁰·
