2440 4032
208 265 299 366 =1⁴30
442 251 936 338 M’ARMOREA.

226 416 289 491 pus
302 391 452 478 tributis,
476 388 621 479 mittique
634 412 673 457 ex
684 385 795 476 senatu
808 379 948 482 placuit,
972 393 1116 486 quiprae·

225 487 502 586 st’ntiaspeflaret
517 483 741 580 refoventque.
792 485 879 556 Non
903 493 1020 585 putuit
1047 490 1121 558 Ta·

236 586 326 661 citus
345 586 453 681 magis
472 581 616 670 Latine,
640 605 720 667 vere
738 579 773 652 &
788 589 904 679 Ιςοςικῖὁς
928 609 1065 658 narrare
1086 583 1123 654 &

237 683 314 758 sunt
330 681 432 753 verba
448 702 516 750 aere
532 677 714 767 validiora,
741 703 803 775 pro
821 682 942 778 quibus
958 695 1122 778 mugnain

240 778 386 881 gratiam
411 777 512 847 inivit
535 773 578 846 ab
600 775 761 846 omnibus
791 780 941 850 eruditis.
993 783 1125 851 Hiero·

241 877 401 964 caesatea,
426 873 588 968 Myrina,
613 871 725 969 Cyme
740 890 840 946 terrae
862 897 961 946 motu
977 871 1126 947 concus-

237 975 275 1048 ‘sa
293 973 329 1044 &
346 970 458 1043 refota
473 970 551 1064 fuit,
600 967 697 1064 Quid
715 970 788 1040 Tm
801 971 865 1043 ilus
880 974 1071 1070 impunitus
1088 995 1126 1042 a·

240 1071 312 1163 biit
341 1093 424 1142 cum
455 1066 603 1155 incolis,
635 1090 678 1136 an
701 1069 802 1139 etiam
829 1057 935 1139 uun
959 1068 1048 1139 fuit?
1073 1065 1129 1138 sed
1159 1145 1163 1154 ¹

247 1165 450 1262 taslussuit,
474 1161 1031 1261 quemadmodumluculentilsime
1041 1165 1132 1261 Cap.

248 1291 302 1342 in.
328 1263 424 1360 lupia
443 1259 584 1357 probavi
596 1281 670 1331 :aut
687 1283 756 1331 non
771 1286 838 1360 egu
857 1282 991 1334 tantum
1003 1286 1135 1359 ,quaii-

250 1383 327 1436 tum
345 1362 542 1434 'Marmorea
557 1357 675 1448 Ensis,
700 1359 871 1448 Tacitus,
907 1361 1072 1431 Eusebius
1096 1358 1135 1430 &

253 1459 481 1555 Nicephorus
509 1453 679 1526 Callistus.
735 1457 985 1528 Freinshemius
1014 1477 1135 1528 tamen

253 1557 373 1632 multis
389 1554 422 1624 &
439 1551 595 1648 speciosis
610 1552 721 1625 verbis
742 1554 815 1626 vult
832 1577 1034 1652 oppugnare
1050 1553 1086 1623 &
1100 1577 1137 1623 e·

254 1655 416 1730 mendace
430 1656 568 1722 incolunt
584 1674 654 1741 non
670 1675 713 1722 ex
729 1649 898 1724 veteribus
914 1651 1008 1722 libris
1024 1649 1080 1720 sed
1091 1643 1137 1722 'ex

255 1755 415 1851 ingenio:
441 1751 527 1820 ratio
543 1743 664 1842 quiaT
656 1755 757 1821 acitus
772 1757 856 1820 inter
869 1751 958 1820 urbes
966 1763 1140 1836 memorat,

256 1858 311 1945 qui
319 1852 443 1942 semper
458 1867 563 1932 mons,
587 1869 640 1916 nec
653 1851 752 1918 ullum
768 1852 801 1918 in
816 1872 849 1919 eo
865 1847 1007 1940 oppidum
1022 1849 1142 1939 reperi·

138 1946 146 1966 ⁰
258 1964 324 2035 tur.
373 1939 559 2014 Eusebium
580 1944 682 2014 etiam
714 1944 869 2035 refellit,
902 1946 980 2042 quia
1005 1940 1142 2014 &alibi

227 2091 231 2099 ·
287 2063 384 2116 eccat
420 2039 616 2137 &quidem
644 2042 679 2112 in
700 2043 817 2116 eadem
846 2044 1010 2134 historia!
1046 2039 1143 2112 Proh

259 2070 379 2218 istum
410 2160 513 2234 atque
536 2137 716 2212 hominum
743 2139 872 2227 fidem!
899 2161 1073 2212 tantamne
1089 2135 1144 2208 so·

262 2239 416 2313 cnidiam
435 2235 470 2308 ἃ
487 2239 658 2322 ὁνιςσρησὲωι
675 2237 820 2334 potuisse
837 2237 956 2310 cadere
973 2240 1006 2308 in
1026 2235 1144 2306 homi·

262 2361 343 2410 nem
360 2333 519 2408 dossum!
551 2335 696 2405 Tacitus
712 2355 877 2407 memorat
902 2334 1074 2408 Tmolum
1092 2355 1145 2404 in·

264 2452 319 2506 ter
336 2431 485 2503 urbes&
503 2430 612 2523 nesle,
638 2433 718 2529 quia
740 2432 859 2504 habuit
883 2432 1041 2521 incolas,
1072 2431 1146 2523 ipe·

231 2538 233 2544 '
264 2529 399 2616 culam,
425 2531 476 2616 jus
493 2548 643 2600 monetae
659 2527 861 2626 &legatum
879 2529 996 2600 misit:
1023 2526 1149 2622 semper

148 2679 152 2686 -
266 2645 305 2700 itt
321 2649 404 2697 mons
419 2641 611 2718 memoratur
626 2651 679 2698 nec
693 2631 791 2700 ullum
807 2631 840 2697 in
855 2651 888 2698 eo
904 2627 1045 2718 oppidum
1061 2644 1148 2717 repe·

267 2732 373 2813 ritar,
398 2721 537 2804 falsum:
562 2717 765 2818 quemquam
789 2723 825 2795 &
850 2723 908 2796 hic
931 2724 1069 2794 videtur
1089 2743 1149 2792 ve·
1205 2747 1206 2754 ¹

268 2823 369 2919 stigia
392 2818 621 2891 Celeberrimi
650 2817 755 2910 Viri,
789 2845 890 2918 quem
908 2839 1023 2892 tamen
1040 2821 1148 2890 citare

268 2920 401 3006 noluit,
426 2919 471 2986 ad
483 2914 653 3010 Eusebium
677 2915 778 3013 sequi.
830 2917 1050 2989 Meherculet
1073 2913 1151 2986 nol-

268 3018 336 3105 lem
352 3014 461 3114 geniis
476 3011 540 3084 suis
556 3033 688 3086 tantum
706 3014 882 3086 indulsisse.
921 3015 1029 3086 Mons
1045 3011 1081 3082 &
1096 3010 1151 3080 vi·

268 3136 349 3201 cus,
375 3112 433 3209 qui
449 3109 641 3202 habitatur,
668 3111 814 3184 ostentat
834 3110 1020 3205 eiiedtam,
1053 3107 1154 3180 cudit

270 3232 444 3290 monetam
454 3209 586 3302 ,mittit
601 3211 755 3288 Romam
770 3211 923 3312 legatum
934 3229 974 3286 ut
990 3209 1153 3378 Prffion·

982 3338 984 3342 ·
1012 3341 1016 3347 ·
1092 3323 1151 3377 em
