2440 4032
134 227 358 346 'aa'
447 224 1103 348 MARMOREA3-

243 390 352 472 modo
374 389 478 464 verba
502 387 663 488 Dionylii
687 392 930 490 conjungenda
951 393 990 468 δε
1005 393 1125 495 expli*

244 489 352 564 canda
370 487 456 578 lint,
480 487 579 586 supra
593 486 737 559 ostendi.

207 609 211 620 ·
298 585 527 662 Simulacrum
544 585 668 658 Dianae
683 582 868 683 Ephefinae
891 607 964 662 erat
979 608 1129 663 truncus
1191 673 1197 680 ,

248 705 371 760 acutus
387 681 538 778 ulmeus]
565 683 649 756 Hoc
664 681 770 756 liceat
783 685 904 759 dixiffe
920 687 1128 786 scaligero,

251 807 325 856 non
343 777 540 878 Dionyfio,
570 777 607 851 Sc
619 779 669 852 est
687 778 846 858 raham
870 804 965 857 certe
986 809 1032 858 ex
1048 809 1130 858 ver·

254 879 307 954 bis
329 879 615 978 nglprumlrilmlrr
638 902 710 951 non
723 879 803 953 colli
832 884 901 953 'tur
914 880 1013 954 fuiffe
1028 901 1133 955 trun-¹

256 1002 339 1054 cum
353 977 508 1050 ulmeum
522 991 669 1066 acutum,
693 975 802 1050 sedhe
861 1001 935 1072 eru,
960 979 1133 1072 craffum5

151 1070 154 1075 ’
259 1073 423 1150 obesum:
448 1093 482 1148 at
504 1073 587 1172 quid
610 1097 697 1169 opus
711 1075 815 1148 verba
831 1075 991 1174 Dionysii
1007 1098 1136 1150 contra

256 1171 390 1248 sensum
405 1173 522 1272 augeri
539 1168 582 1244 ab
597 1169 807 1269 interprete?
831 1171 874 1246 fit
889 1193 1032 1248 truncus
1080 1177 1136 1247 ui·

263 1293 427 1371 cunque,
457 1271 485 1340 is
500 1292 572 1342 non
594 1266 644 1340 est
666 1284 800 1361 acutus,
830 1267 885 1342 sed
902 1199 1079 1370 planum]

263 1394 354 1470 gua,
394 1366 567 1443 columnae
589 1363 729 1457 fimilia,
759 1367 894 1467 qualem
917 1367 1075 1443 videmus
1098 1371 1137 1442 in

264 1469 464 1544 Marmorea
476 1461 564 1538 Bafi.
1127 1492 1132 1508 „

316 1565 511 1638 Amazones
521 1557 786 1634 construxerunt
801 1562 970 1660 templum
980 1563 1142 1636 inhono·
1172 1561 1174 1568 ’

268 1685 342 1740 rem
364 1659 480 1735 trunci
505 1656 636 1752 ulmei]
667 1657 810 1750 Reate,
842 1659 868 1732 fi
889 1663 936 1734 ita
952 1657 1144 1759 Dionysius

269 1753 547 1834 locutusfuillct:
572 1777 715 1827 curnon
733 1755 820 1829 dicit
834 1758 1008 1856 Scaliger,
1033 1757 1145 1830 inho-

270 1877 390 1930 norem
406 1853 489 1924 Deae
504 1856 656 1924 iatrunco
670 1852 797 1944 alateo?
817 1854 962 1934 liberum
980 1855 1146 1953 relinquit

272 1952 379 2052 poeta
398 1949 540 2022 arbitrio
569 1945 705 2022 ledloris
734 1948 977 2025 simulachrum
1008 1976 1053 2025 ex
1077 1976 1148 2050 qun

273 2049 416 2124 materia
440 2043 494 2119 fit.
542 2045 697 2144 Scaliger
713 2044 775 2120 sibi
800 2047 923 2124 habeat
945 2049 1147 2142 materiam,
1210 2091 1211 2096 =

274 2145 383 2224 modo
399 2167 442 2216 ne
456 2141 624 2233 affirmet,
648 2145 720 2218 Hoc
734 2149 809 2220 vult
823 2146 1006 2315 Dianglius.
1082 2197 1085 2204 -

325 2241 562 2316 Callimachus
585 2239 751 2313 autemh
778 2243 894 2316 ineum
934 2243 1015 2316 uill‘c
1030 2243 1149 2340 perhi·
1210 2287 1211 2294 κ

275 2340 361 2436 bet]
391 2339 433 2412 In
449 2335 734 2412 fineversuumex
750 2265 853 2439 dgnis
875 2341 1062 2436 “conjicio
1071 2342 1150 2416 haec

275 2437 381 2512 verba
394 2434 509 2532 postea
523 2433 663 2528 addita,
694 2459 773 2533 quae
797 2437 951 2536 Scaliger
970 2427 1063 2512 forte
1088 2437 1151 2512 libi

204 2623 212 2630 ι
275 2532 456 2608 memoriae
472 2530 567 2604 causa
576 2531 611 2604 in
625 2533 780 2631 margine
792 2532 1031 2608 adnotaverat:
1056 2551 1151 2610 nunc

265 2633 314 2727 ‘in
330 2647 536 2704 contextum
550 2627 731 2720 admixta,
760 2627 837 2704 satir
850 2631 1091 2730 imprudenter
1113 2632 1150 2706 δί
1210 2629 1211 2702 ]

277 2751 360 2804 cum
376 2725 544 2799 dedecore
568 2727 658 2798 tanti
676 2726 753 2798 viri.
801 2727 886 2802 Hoc
899 2727 948 2802 est
963 2753 1150 2804 commune
1210 2781 1211 2784 =

277 2828 387 2900 fatum
404 2819 605 2908 doctorum,
631 2819 750 2922 sripfir
765 2823 868 2898 telam
884 2846 1068 2924 pertexere
1081 2851 1151 2902 non

275 2923 390 2997 datur.
448 2918 545 2992 Nam
568 2917 802 3012 Callimachus
821 2924 968 2996 minime
992 2923 1151 3024 gentium

276 3021 371 3102 dixit
379 3016 547 3114 saginatam
563 3013 834 3093 simulachrum:
866 3017 922 3094 sed
947 3023 1053 3120 eglesie
1072 3027 1152 3120 οηᾷ

278 3115 491 3210 ὼῦπςέμνῳ,
516 3112 610 3212 quod
618 3114 823 3202 vertendum
837 3116 909 3208 est,
923 3119 1155 3214 fimalathrara

277 3218 444 3314 intrante
467 3213 523 3308 qui
543 3225 617 3283 erar
629 3208 741 3308 fagus.
790 3212 914 3318 Multo
936 3216 1154 3390 minusdddt
1209 3217 1210 3220 ’

1064 1297 1136 1344 π,
1211 1313 1212 1316 a
