2384 4020
168 239 215 318 m
373 207 847 338 Mnnuonun

173 369 200 410 “
224 387 302 462 quae
319 364 594 478 inlpscriptione
616 365 808 467 leguntur,
840 359 986 468 quasque
1009 369 1049 442 in

174 467 202 507 “
226 462 465 560 explanauone
479 464 534 535 sua
549 467 712 536 maximas
728 467 899 564 reputavit
909 500 923 552 3
949 467 1050 538 Buli-
1136 525 1138 531 .

175 563 203 605 “
227 559 340 633 fonius
355 563 459 652 dicit,
483 585 535 634 eas
550 585 630 633 cum
646 565 803 635 maximis
817 563 1053 662 inscriptionis

176 660 204 702 ‘⁶
229 656 333 730 literis
346 657 503 748 collatas,
529 661 594 730 elle
608 662 645 731 in
659 659 925 758 subsesquitertta
941 664 1051 732 ratio·

177 759 204 798 “
229 777 292 844 ne,
319 755 388 850 sive
404 777 444 827 ut
461 757 516 827 ille
531 757 704 853 loquitur,
736 779 777 830 ut
796 781 826 852 3.
843 759 884 830 ad
900 782 935 852 4.
967 757 1051 830 Hac

176 853 204 896 “
228 853 406 924 occasione
419 853 523 926 refert
540 853 708 932 mensibus
722 855 840 953 elapfis
854 855 971 927 vidiffe
986 877 1051 926 ex-

179 952 206 994 “
232 972 282 1019 tra
294 954 431 1046 januam
450 951 620 1026 lateralem
634 955 774 1048 majoris
792 952 944 1026 ecclefiae
961 951 1052 1023 civi·

177 1051 206 1092 ‘⁴
231 1049 308 1118 tatis
332 1049 441 1120 Nolae
465 1049 499 1118 in
528 1071 581 1141 14.
606 1049 740 1120 milliari
757 1047 808 1128 ‚ab
826 1050 923 1122 Urbe
938 1049 1054 1120 nostra
1115 1125 1118 1132 ,
1148 1125 1151 1132 ,

178 1148 207 1189 “
232 1143 382 1216 distantis
398 1145 470 1240 (ubi
486 1145 828 1241 Augustusultimum
845 1147 933 1218 obiit
942 1145 1051 1234 diem)

178 1245 205 1286 “
231 1241 492 1340 Inscriptionem
508 1241 675 1338 quandam
684 1243 905 1316 dedicationis
912 1245 1051 1341 perSo·

179 1343 207 1383 “
230 1339 319 1408 dales
335 1339 535 1437 Augustales
558 1337 703 1412 etesium
721 1341 811 1412 hisce
831 1341 953 1412 verbis.
978 1339 1056 1412 Vl-

178 1440 208 1480 “
233 1437 465 1509 C‘sORlAE.
489 1434 763 1510 AUGUSTI
786 1437 1055 1530 nUGUSTA-

134 1594 156 1606 -
181 1537 209 1577 ‘⁶
235 1533 338 1607 LES.
387 1533 442 1606 Ex
468 1559 533 1630 qua
556 1557 648 1607 nunc
672 1537 831 1632 opinatur
863 1533 1055 1608 AUGU-

179 1634 208 1676 “
234 1631 424 1704 STALES
449 1634 635 1702 Marmotis
651 1631 831 1704 Puteolani
847 1632 963 1704 cadem
981 1629 1054 1704 ser·
1121 1707 1125 1714 Δ

180 1731 208 1774 “
235 1753 291 1800 me
313 1711 445 1799 ratione
467 1726 593 1798 sodales
616 1729 818 1828 Augustales
841 1729 1057 1826 interpretari

180 1831 210 1968 tt
232 1821 1057 1996 uilissimi-intotistunm

183 2024 215 2066 “·
237 2043 320 2092 vero
336 2018 432 2090 ludos
457 2020 685 2119 Augustales,
716 2041 757 2093 ut
775 2023 810 2092 in
833 1975 888 2094 sui
901 2021 1058 2118 explica·

184 2122 217 2181 “.
236 2118 331 2189 tione
346 2117 480 2190 asseruit
496 2150 508 2203 3
536 2135 718 2216 propterea
734 2117 758 2190 fi
773 2138 851 2190 ante
866 2119 1059 2191 editionem

184 2220 212 2262 “
236 2215 285 2288 sui
302 2213 454 2313 opusculi
481 2215 657 2312 praefntoni
684 2215 780 2288 inseri
809 2218 939 2288 tionem
956 2210 987 2288 ei
1004 2219 1060 2289 vi·
1099 2228 1105 2250 ¹

185 2319 212 2360 “
236 2313 315 2384 dete
330 2313 527 2412 contigisset
537 2363 549 2402 ‚
559 2315 758 2409 opinionem
772 2241 863 2385 (ξω
872 2313 1061 2386 facilemu·

152 2441 156 2452 ·
184 2414 213 2456 ‘⁶
237 2411 352 2497 miset,
378 2408 447 2480 &e
487 2410 545 2488 ,Et
563 2412 639 2482 haec
657 2410 769 2510 quoad
779 2409 1060 2510 elegantissimam

184 2512 211 2552 “
237 2507 411 2577 Gronovii
434 2507 641 2604 epistolam
678 2507 855 2580 Caeterum
883 2533 940 2582 me
962 2508 1063 2582 solita

37 2645 41 2653 ·
106 2678 108 2686 s
183 2607 210 2650 ‘⁴
235 2601 474 2675 benevolentia
484 2604 640 2702 prosequi
655 2605 852 2696 nedesmas,
870 2607 1063 2702 meoque&

123 2779 125 2785 s
160 2707 211 2784 ,“
235 2701 402 2773 Bulifonii
425 2703 565 2773 nomine
589 2700 815 2774 dosiiffimum
840 2703 1066 2776 Gronovium

187 2803 216 2846 “
239 2797 642 2896 ejusqueeruditiffimum
659 2797 798 2872 fratrem
806 2801 1065 2890 Jacobumdili·

186 2894 480 3065 ‘suelle-
506 2895 594 3064 llt
610 2896 1066 3070 insumunt

239 3019 408 3164 sicclalira
432 3017 670 3164 fitplledicitio
688 3050 822 3164 colossi.
874 3051 1069 3166 'Suetoniui
1124 3088 1126 3094 ’

189 3189 283 3286 Aug.
299 3187 386 3286 Cap.
401 3209 454 3286 31.
480 3189 616 3262 Statuas
631 3193 768 3295 oninium
789 3192 979 3285 triumphali
998 3191 1068 3283 effi.

1011 3295 1066 3386 gie
1151 3321 1159 3334 ·
