2440 4032
193 268 261 340 m
402 264 963 344 MARMOREA-
1039 216 1189 306 ''-

60 441 65 454 ·
106 395 111 404 “
197 405 242 473 co
264 396 425 497 arguitur
438 393 598 494 Ryckius
622 392 666 466 de
682 391 861 491 Capitolio
875 444 893 507 ‚·
918 401 980 497 qui
1000 402 1074 494 ξέοι.

194 528 233 570 ru
250 493 447 584 Heroibus‚
472 493 576 586 tipbne
594 492 675 564 viris
696 489 786 563 bene
809 495 940 572 meritis
965 497 1074 574 simu.

196 594 315 669 lachra
338 589 428 668 fabia
449 592 526 664 ait:
557 587 644 661 cum'
661 589 720 662 hic
735 590 828 677 {burn
842 591 932 688 apud
947 595 1075 688 Xeno.

153 749 155 754 .
196 694 370 790 phontem
386 687 423 758 &
437 690 540 783 (ipim
552 688 641 784 apud
658 684 910 777 Callimachum
935 689 979 764 de
995 697 1076 770 Dea

196 790 343 864 dicatur.
392 785 524 860 Plinius
538 784 619 858 Lib.
636 807 720 858 xvr.
743 783 831 884 Cap.
852 811 916 859 xe.
939 791 1074 866 buxum

196 892 338 962 maxime
357 895 661 978 eternamputunt,
685 882 810 954 ebenum
826 885 868 965 ὅ
882 891 1075 982 cuprcfficm„

197 987 385 1077 cedrumque
410 985 496 1055 claro
518 982 557 1053 de
578 981 718 1074 omnibus
741 989 887 1056 materiis
900 985 1077 1078 judiciuin

198 1085 314 1176 templo
336 1080 480 1176 Ephestae
504 1080 656 1167 Dianae,
685 1093 795 1177 utpute
812 1105 885 1152 cum
907 1097 977 1154 tnta
993 1089 1077 1177 Asta

199 1182 377 1270 exstruente
391 1178 628 1273 quadringentis
641 1180 734 1248 annis
746 1181 909 1267 pereum
915 1186 975 1276 stt.
991 1185 1077 1255 Cun-

199 1285 293 1353 venit
308 1285 424 1354 tatium
439 1276 506 1368 ejus
519 1276 576 1368 effe
591 1300 607 1345 e
622 1274 761 1366 cedrinis⁸
770 1277 926 1350 trabibus.
973 1279 1030 1351 De
1046 1283 1077 1351 i·

196 1378 251 1473 pfit
263 1374 460 1469 fimulacbro
478 1375 559 1446 Dee
574 1374 759 1466 ambigitur.
809 1375 917 1446 Ceteri
932 1399 970 1446 ex
985 1377 1079 1448 ebeno

199 1478 259 1570 effe
273 1474 422 1546 tradunt.
470 1470 647 1545 Mucianus
665 1485 716 1539 ter
730 1467 835 1562 conseri
856 1496 894 1542 cx
915 1473 996 1562 his,
1021 1475 1077 1569 qui

196 1577 342 1669 proxime
349 1568 419 1664 vrso
433 1593 467 1641 cc
474 1565 627 1663 scripsere
636 1619 646 1648 ‚
655 1570 845 1662 vitigineum
860 1569 901 1651 &
916 1595 1079 1666 nunquam

199 1686 362 1745 mutatum
367 1668 485 1764 septies
499 1665 642 1758 restitute
658 1669 756 1756 templ
775 1719 783 1734 .

250 1768 362 1841 Ratio
377 1759 633 1864 curEphesusa
650 1779 751 1858 tergo
767 1760 1078 1864 coloilirepraesen·

96 1929 97 1933 ,
201 1885 296 1940 tatur
310 1885 382 1935 non
405 1859 455 1933 est
472 1860 555 1949 alia,
587 1881 689 1956 quam
706 1859 800 1956 quod
824 1861 978 1960 Ephesus
994 1864 1079 1938 alte·

173 1999 181 2010 ⁸
203 1985 244 2038 ro
259 1985 350 2036 anno
364 1957 441 2057 post
456 1978 558 2030 terrae
574 1975 711 2029 motum
725 1954 932 2033 noeturnum
947 1960 1080 2034 duode-

202 2063 273 2136 cim
297 2058 390 2132 Afiae
412 2057 608 2130 civitatium
633 2051 723 2126 tabia
744 2053 823 2130 fuit.
880 2059 1079 2138 sinautem

202 2154 360 2257 Ephesus
385 2151 484 2228 fimul
500 2177 582 2226 cum
605 2151 790 2224 duodecim
806 2153 1010 2244 civitatibus
1030 2161 1080 2237 A·

198 2256 264 2341 vfiae
282 2250 481 2328 labesaslata
504 2249 646 2340 fuisset,
678 2249 828 2347 primum
847 2253 884 2324 in
901 2253 1082 2328 Marmore

203 2353 348 2440 haberet
362 2351 479 2422 locum
496 2366 574 2420 ante
584 2345 722 2436 Sardes,
737 2347 807 2420 &cc
840 2347 1082 2444 Quemadmo-

202 2452 288 2546 dum
304 2447 395 2544 apud
410 2443 625 2534 Eusebium,
649 2447 928 2546 Hieronymum,
954 2449 992 2522 &
1010 2451 1083 2524 Ni·

202 2547 395 2644 cephorum
404 2541 585 2615 Callistum
600 2545 767 2633 cernitur,
777 2545 836 2642 qui
845 2546 1013 2622 tredecim
1022 2572 1083 2621 ur·

203 2646 304 2721 bium
329 2643 571 2728 meminerunt.
619 2638 687 2713 Uti
711 2642 826 2739 capite
847 2667 1083 2742 quoquevrr.

205 2745 309 2842 hujus
322 2737 430 2818 libelli
446 2736 593 2810 disserui.
631 2738 673 2810 In
692 2739 900 2838 Apocalypsi
912 2743 1084 2838 Johannis

206 2841 297 2938 Cap.
314 2861 349 2932 φ,
370 2859 400 2908 ι.
423 2831 583 2948 Ephesus.
593 2835 738 2931 primae
755 2835 882 2936 septem
902 2839 992 2916 ufiae
1009 2843 1082 2920 Ec·

82 2992 86 3000 .
138 2957 146 2974 ·
207 2931 493 3032 cleliicpraecipit
509 2929 578 3004 fata
595 2933 663 3003 Dei
679 2935 771 3031 Opt.
785 2937 887 3010 Max.
908 2960 989 3014 ante
1004 2942 1083 3016 Sar·

202 3033 345 3122 dianes,
369 3049 447 3103 ante
461 3027 773 3130 Philadelphenos‚
795 3035 907 3132 quiin
921 3039 1082 3111 Marmo-

141 3223 144 3233 Ι
207 3145 430 3226 repcaeeunt.
480 3126 683 3210 Herodotus
705 3129 788 3203 Lib.
804 3156 838 3231 :¹·
868 3131 956 3234 Cap.
975 3136 1084 3216 zati
1186 3215 1190 3218 ,

197 3229 241 3326 bi
261 3226 375 3316 amu
395 3221 522 3314 urbium
544 3222 694 3312 tectim
713 3227 870 3352 Butrium:
883 3341 887 3348 .
901 3238 1084 3408 quiprcipp
