2384 4020
199 260 249 349 u
405 243 883 338 MARMOREA

288 375 448 478 jemla,
464 384 667 481 sacerdotum
678 388 743 458 rite
747 383 884 478 fleerutu
897 393 1006 464 manue

251 469 362 576 Hujus
379 483 420 564 ὑὶ
436 487 606 584 augurium
620 483 767 576 dependet
783 484 900 576 urigine
914 459 1007 546 verbe·
1014 523 1027 562 ,

299 579 349 652 Et
362 582 569 677 quodcumque
575 581 640 675 stuu
656 583 809 674 Juppiter
820 591 913 674 auget
926 593 989 665 epe.

201 677 230 720 “
255 673 305 748 Et
321 678 445 750 Tullio
459 701 488 750 1.
512 680 658 774 Philipp.
675 678 869 752 Antonium
886 671 928 745 ad
943 667 1081 766 regiam

200 775 228 818 “
251 775 462 873 majestatem
484 772 708 874 adspirantem
732 771 960 872 adloquenti:
992 765 1083 860 Nifi

198 873 228 915 “
267 897 297 944 uc
305 868 485 970 gubernes,
517 889 555 945 ut
577 879 662 947 cives
676 876 728 946 tm·
740 889 772 944 te
785 885 912 959 ament,
936 890 996 937 uun
1014 883 1079 955 po·

160 1019 165 1028 ·
196 971 225 1013 “
247 984 296 1040 tes
309 973 503 1064 effecum,
529 972 655 1053 &omui
673 971 826 1066 potestate
845 973 968 1039 aeuus.
991 1027 998 1038 ,
1017 959 1078 1033 Ut

195 1068 224 1110 “
247 1073 334 1140 omui
383 1069 510 1164 uestute
539 1077 651 1142 eunus
674 1067 825 1141 tamdem
851 1063 988 1160 Augusti
1006 1081 1079 1130 no-

194 1165 222 1208 “
246 1177 328 1244 m'en
350 1089 522 1260 fefiniat,
554 1187 595 1240 ut
622 1168 679 1240 cui
702 1165 740 1238 &
764 1166 800 1236 in
824 1178 927 1262 quem
957 1180 1077 1259 popu·

193 1263 221 1305 ‘⁸
245 1259 297 1335 lus
322 1264 503 1336 Romanus
525 1265 708 1364 imperium
731 1262 827 1335 suum
860 1253 1077 1357 &potesta-

191 1360 219 1404 “
244 1376 315 1432 tem
347 1361 577 1434 concefferite
632 1361 679 1436 fic
719 1360 777 1434 ille
809 1356 977 1455 Robigal.
1000 1376 1074 1426 v1.

191 1459 220 1503 ‘⁶
244 1455 394 1556 capum.
421 1461 529 1533 Matt.
546 1461 719 1534 Martinio
734 1457 790 1530 vel
806 1456 848 1536 ub
863 1455 940 1549 edu>
959 1453 1075 1552 splen·

190 1555 223 1599 “·
242 1551 336 1648 dor,
361 1556 473 1656 ιύρᾶζα
487 1557 668 1656 splendeo,
694 1558 750 1631 vel
763 1547 805 1646 ab
819 1579 932 1650 augeo,
958 1551 995 1624 &
1009 1576 1074 1622 uu-

189 1653 218 1696 “
235 1653 344 1748 gustus
367 1654 437 1746 fit,
469 1657 528 1754 qui
551 1647 744 1728 honoribus
762 1651 907 1742 anans,
940 1651 1072 1748 dignus

188 1753 217 1794 “
241 1754 483 1846 veneratiqne,
509 1751 682 1848 majestate
698 1751 829 1848 plenus.
878 1749 950 1822 Alii
972 1774 1072 1846 auge·

188 1849 217 1892 ‘⁸
239 1867 275 1919 re
294 1847 473 1922 inculcant
495 1849 639 1922 verbum
664 1850 732 1922 effe
753 1849 926 1922 sacrorum
943 1869 983 1921 ut
1003 1854 1071 1919 im·

187 1947 216 1989 ‘⁶
240 1948 377 2037 molare,
401 1955 561 2039 maflare,
586 1947 727 2039 adolere,
753 1943 791 2020 &
806 1945 947 2020 eandem
965 1965 1069 2042 pror·

184 2043 214 2086 “
237 2041 318 2135 sus,
348 2069 450 2142 quam
474 2045 563 2137 ista,
597 2048 669 2118 vim
684 2046 839 2137 habere,
873 2069 953 2118 cum
971 2044 1068 2118 mola

185 2142 214 2186 ‘⁶
234 2139 313 2236 falsa
343 2143 603 2244 respergebatur
635 2141 810 2226 hostiae&
842 2139 1066 2234 sacrabatur,

184 2241 213 2284 ‘⁶
236 2257 312 2313 tum
335 2248 446 2340 augeri
468 2239 599 2314 dietum
623 2270 631 2316 :
667 2241 713 2316 fic
731 2242 927 2332 Suetonio,
952 2246 1068 2336 augeri

112 2383 116 2390 ·
182 2338 211 2382 “
233 2337 371 2430 bestius,
396 2337 432 2410 &
448 2339 574 2438 Lapidi
588 2342 732 2438 antiquo
747 2341 861 2412 dunum
875 2339 1064 2434 duueeuge.

181 2437 210 2477 “
232 2454 347 2529 reque:
371 2438 533 2533 quoniam
550 2440 659 2537 igitur
681 2439 803 2512 hostiae
825 2461 907 2510 cum
931 2435 1064 2534 resper-

179 2534 208 2576 “
232 2550 399 2629 gerentur
412 2531 505 2608 mola
528 2535 623 2627 salsa,
647 2532 995 2609 consecrabanturseu
1010 2533 1063 2606 sa-

180 2632 209 2674 “
232 2652 301 2701 crae
318 2628 555 2716 fierent3hinc
565 2636 741 2729 Augustum
750 2633 879 2707 sacrum
888 2631 1063 2706 sanetum-

178 2731 206 2771 “
231 2749 299 2825 que
314 2727 351 2800 δι
367 2725 461 2826 quafi
476 2729 712 2806 consecratum
729 2733 814 2814 effe3
840 2731 919 2804 ideo
935 2732 1061 2802 id.t1·i·

178 2827 206 2870 “
229 2824 353 2898 butum
363 2826 588 2924 Imperatori,
614 2847 654 2900 ut
668 2831 929 2926 majorhomine
961 2831 1058 2900 roin·
1183 2863 1185 2872 ⁴

138 2956 145 3010 1
175 2925 205 2968 “
228 2921 339 3019 deque
354 2923 487 3017 σεέωςδς,
513 2927 582 2998 hoc
598 2927 667 3018 est,
692 2931 912 3002 veneratione
928 2853 1059 2999 stado-

178 3023 205 3066 “
231 3025 363 3095 ratione
385 3021 512 3123 dignus
534 3019 739 3098 censeretur.
796 3025 888 3115 Quis
909 3050 979 3098 non
995 3027 1058 3098 ab·

176 3121 204 3163 ‘⁶
228 3118 366 3193 horreat
379 3121 507 3194 omen?
530 3141 589 3194 aut
605 3139 706 3219 quam
724 3126 871 3222 gratiam
889 3124 1059 3200 habuiffet
1099 3119 1103 3128 ’

176 3220 204 3312 f‘
227 3216 388 3316 princeps
403 3219 446 3294 ab
461 3245 500 3294 ea
516 3216 756 3320 superstitione
772 3224 877 3299 animi
895 3247 965 3296 non
974 3223 1059 3295 alie-

543 3343 556 3364 x
926 3324 954 3366 ιι
970 3345 1056 3416 nus,
