2440 4032
263 346 329 423 ιμ
467 309 945 437 Mnnmouun
1100 411 1103 427 ἱ

256 442 466 516 mendatitiis
481 444 635 534 ornavit,
659 446 884 538 exoravitque
900 437 1012 517 verbis
1038 437 1153 542 aptis·

256 541 369 634 simia,
393 562 433 613 ut
448 537 473 613 fi
490 565 651 637 umquam
667 542 731 611 iter
741 539 855 612 nobile
865 541 901 612 ὅ(
916 545 1085 614 varietate
1096 563 1152 611 re·

254 664 334 712 rum
359 641 580 716 humanarum
611 637 798 708 notandum
820 639 984 737 ingressus
1009 640 1150 724 essem,

254 738 326 809 hoc
343 737 435 808 fore:
461 735 592 806 nullutn
610 729 823 830 hospitium,
849 736 979 808 nullum
1010 733 1151 806 tetrum

257 837 440 921 intrarem,
456 832 548 928 quod
565 855 635 919 non
649 829 792 928 vestigia
806 830 913 928 prisca
927 832 1150 927 alicuiuspo·

258 929 353 1027 puli,
378 929 491 1019 urbis,
516 928 626 1026 praelii
642 949 701 999 aut
722 931 812 1000 easus
834 928 1067 1000 memorabilis
1095 949 1169 1018 re·¹

258 1025 385 1114 ferret3
413 1025 603 1098 festinarem
619 1026 728 1096 lente:
754 1025 813 1096 ubi
825 1023 979 1096 Clusium
998 1025 1036 1094 ὃ(
1055 1026 1148 1094 Tra-

261 1123 428 1194 simenum
453 1124 563 1197 lacum
592 1130 605 1216 (
618 1146 696 1194 nam
721 1146 782 1220 per
806 1145 846 1192 ea
869 1121 944 1196 loca
961 1125 1025 1194 iter
1042 1120 1149 1192 facie-

101 1280 103 1292 .
213 1286 215 1294 s
253 1219 367 1307 bam)
388 1218 606 1308 accessissem,
622 1220 736 1315 Argus
753 1217 890 1289 fierem:
918 1217 1147 1290 meminissem

260 1319 385 1390 veteris
400 1315 436 1386 ὅ(
457 1336 625 1416 perpetuo
646 1313 817 1411 praesentis
840 1315 932 1387 urbis
947 1343 967 1386 :s
982 1338 1046 1387 nec
1081 1315 1147 1385 esse

262 1411 739 1510 urbem‚cujussundamenta
754 1433 811 1484 aut
829 1411 928 1483 situm
947 1414 982 1483 in
998 1413 1144 1483 dubium

264 1535 390 1583 vocare
405 1513 481 1607 quis
497 1508 607 1606 poffit.
656 1508 859 1597 Pulverem‚
888 1511 946 1606 qui
969 1510 1010 1580 ad
1028 1507 1147 1580 Trasi-

265 1627 407 1679 menum
439 1607 551 1678 lacum
575 1626 799 1694 occurreret,
825 1630 894 1676 non
926 1607 990 1678 else
1020 1607 1145 1693 alium,

267 1729 368 1801 quam
387 1705 638 1801 Romanorum
654 1702 805 1774 militum
832 1705 1015 1774 continuos
1038 1703 1076 1774 ὅ(
1092 1722 1146 1773 tu·

188 1841 190 1853 =
267 1802 415 1872 mulatos
430 1802 577 1869 cineres:
610 1821 702 1894 aegre
719 1797 850 1870 ferebat
868 1802 1032 1871 Patronus
1057 1800 1146 1871 hunc

268 1897 386 1970 locum
403 1895 487 1966 adeo
503 1894 759 1966 memorabilem
785 1893 821 1965 ὃ(
844 1899 1060 1969 exercituum
1078 1897 1148 1966 lm·

173 2024 175 2029 ·
270 2003 467 2090 peratorum'
494 1994 688 2063 temeritate
715 1991 767 2060 vel
793 2014 864 2062 arte
878 1992 1148 2090 suspiciendum,

211 2103 214 2110 '
240 2114 243 2118 ·
270 2087 414 2186 equo&
428 2113 498 2159 non
521 2089 662 2186 pedibus
685 2085 824 2160 transire
839 2113 903 2159 me
924 2091 1027 2186 posse.
1075 2089 1154 2160 Lu··

272 2187 394 2278 stravi,
418 2187 645 2281 circumspexi
662 2210 726 2281 pro
741 2183 903 2256 facultate
920 2211 1014 2278 mea,
1038 2185 1149 2258 obser·
1199 2269 1200 2272 Ἴ

271 2286 349 2357 vavi
373 2305 475 2354 terrae
499 2302 662 2370 motum,
693 2284 750 2378 qui
773 2280 1013 2356 Trasimenum
1039 2283 1148 2354 lacum

200 2433 213 2474 ·:
274 2377 469 2466 eoncuffit‚
502 2403 571 2450 non
594 2378 689 2450 fuisse
704 2377 813 2450 alium
831 2428 843 2466 ‚
868 2403 968 2474 quarn
986 2383 1043 2476 qui
1060 2379 1149 2451 Afiae

154 2486 202 2573 43
274 2477 375 2550 urbes
390 2475 512 2548 afflixit
529 2501 541 2547 .·
566 2472 635 2546 hoc
651 2474 726 2564 est,
750 2493 790 2555 ut
815 2473 1029 2570 superficiem
1053 2495 1150 2549 terrae

275 2592 460 2670 moveret,
493 2571 628 2645 tolleret
655 2592 714 2642 aut
747 2581 925 2668 aequaret,
946 2597 1021 2646 non
1043 2593 1149 2645 muta·

154 2723 155 2727 η
183 2673 186 2756 J
232 2675 360 2762 fret:
391 2694 467 2740 nam
500 2669 588 2740 idem
621 2668 716 2740 locus
750 2671 852 2740 etiam
886 2670 990 2741 hodie
1012 2694 1148 2765 campus

168 2776 170 2782 ’
276 2769 519 2839 Romanorum
541 2763 659 2838 offiutn
682 2762 822 2862 pulvere
839 2764 955 2839 albens
982 2767 1152 2864 montibua

143 2885 145 2896 ·
279 2865 443 2958 cingitur.
546 2936 550 2944 s

329 2961 461 3034 Verum
481 2955 510 3029 fif
523 2956 674 3030 nondum
692 2953 910 3062 haeffationes
925 2958 963 3030 δε·
978 2985 1148 3058 compara·

278 3055 443 3128 tiones&
467 3053 682 3146 austeritates
706 3053 922 3150 persuadeant
941 3061 1019 3152 jure
1042 3061 1147 3131 Tmo-

279 3152 351 3224 lum
369 3156 458 3223 inter
471 3151 569 3224 urbes
585 3151 732 3242 censeri,
758 3150 794 3221 &
811 3153 929 3224 urbem
946 3155 1028 3226 elle:
1051 3175 1148 3227 eoro-
1198 3225 1200 3234 ,

267 3231 360 3326 ¹nida
374 3248 456 3326 huic
472 3248 709 3349 Disputationi
722 3252 877 3350 imponat
885 3233 1150 3350 p'ostremuslle·
1198 3241 1200 3330 ἶ

584 3368 587 3373 ’
1098 3375 1149 3423 so·
